<record><leader>00000cas a22000007a 4500</leader><controlfield tag="001">12647267</controlfield><controlfield tag="008">851008d18uu1897pauwr ne      0    0eng d</controlfield><datafield ind1=" " ind2=" " tag="010"><subfield code="a">sn 85055163 </subfield></datafield><datafield ind1=" " ind2=" " tag="040"><subfield code="a">NPH</subfield><subfield code="b">eng</subfield><subfield code="c">NPH</subfield><subfield code="d">NPA</subfield><subfield code="d">OCL</subfield><subfield code="d">OCLCQ</subfield></datafield><datafield ind1=" " ind2=" " tag="042"><subfield code="a">msc</subfield></datafield><datafield ind1="0" ind2="4" tag="245"><subfield code="a">The Weekly item.</subfield></datafield><datafield ind1=" " ind2=" " tag="260"><subfield code="a">Philadelphia [Pa.] :</subfield><subfield code="b">Fitzgerald &amp; Sons</subfield></datafield><datafield ind1=" " ind2=" " tag="300"><subfield code="a">v. ;</subfield><subfield code="c">64 cm.</subfield></datafield><datafield ind1=" " ind2=" " tag="310"><subfield code="a">Weekly</subfield></datafield><datafield ind1="1" ind2=" " tag="362"><subfield code="a">Ceased with June 26, 1897 issue?</subfield></datafield><datafield ind1=" " ind2=" " tag="580"><subfield code="a">Continued by: Item (Philadelphia, Pa. : Weekly). Cf. Checklist of Pa. newspapers.</subfield></datafield><datafield ind1=" " ind2=" " tag="580"><subfield code="a">Issued also in a Sunday edition called: Sunday item, and a daily edition entitled: Item (Philadelphia, Pa. : Daily).</subfield></datafield><datafield ind1=" " ind2=" " tag="588"><subfield code="a">Description based on: 32nd yr. (Dec. 7, 1878).</subfield></datafield><datafield ind1=" " ind2=" " tag="752"><subfield code="a">United States</subfield><subfield code="b">Pennsylvania</subfield><subfield code="c">Philadelphia</subfield><subfield code="d">Philadelphia.</subfield></datafield><datafield ind1="1" ind2=" " tag="775"><subfield code="t">Sunday item</subfield><subfield code="w">(DLC)sn 85038484</subfield><subfield code="w">(OCoLC)12460730</subfield></datafield><datafield ind1="1" ind2=" " tag="775"><subfield code="t">Item (Philadelphia, Pa. : Daily)</subfield><subfield code="w">(DLC)sn 85055159</subfield><subfield code="w">(OCoLC)12647198</subfield></datafield><datafield ind1="0" ind2="0" tag="780"><subfield code="t">Fitzgerald's city item</subfield><subfield code="w">(DLC)sn 86077104</subfield><subfield code="w">(OCoLC)13998750</subfield></datafield><datafield ind1="1" ind2="0" tag="785"><subfield code="t">Item (Philadelphia, Pa. : Weekly)</subfield></datafield><datafield ind1="1" ind2=" " tag="029"><subfield code="a">AU@</subfield><subfield code="b">000025804495</subfield></datafield></record>